<?xml version="1.0" encoding="UTF-8"?>
<zs:searchRetrieveResponse xmlns:zs="http://www.loc.gov/zing/srw/">
  <zs:version>1.1</zs:version>
  <zs:numberOfRecords>4</zs:numberOfRecords>
  <zs:records>
    <zs:record>
      <zs:recordSchema/>
      <zs:recordPacking>xml</zs:recordPacking>
      <zs:recordData>
        <record xmlns="http://www.loc.gov/MARC21/slim">
          <leader>02067cam a22003851  4500</leader>
          <controlfield tag="001">9127881</controlfield>
          <controlfield tag="005">20180612142431.0</controlfield>
          <controlfield tag="008">791024m18931999enkf          000 0 eng  </controlfield>
          <datafield tag="035" ind1=" " ind2=" ">
            <subfield code="9">(DLC)   01004240</subfield>
          </datafield>
          <datafield tag="906" ind1=" " ind2=" ">
            <subfield code="a">7</subfield>
            <subfield code="b">cbc</subfield>
            <subfield code="c">oclcrpl</subfield>
            <subfield code="d">u</subfield>
            <subfield code="e">ncip</subfield>
            <subfield code="f">19</subfield>
            <subfield code="g">y-gencatlg</subfield>
          </datafield>
          <datafield tag="955" ind1=" " ind2=" ">
            <subfield code="f">hf05 2018-06-12  v. 4, 5, 6 added</subfield>
          </datafield>
          <datafield tag="010" ind1=" " ind2=" ">
            <subfield code="a">   01004240 </subfield>
          </datafield>
          <datafield tag="035" ind1=" " ind2=" ">
            <subfield code="a">(OCoLC)5581728</subfield>
          </datafield>
          <datafield tag="040" ind1=" " ind2=" ">
            <subfield code="a">DLC</subfield>
            <subfield code="c">NIC</subfield>
            <subfield code="d">OCoLC</subfield>
            <subfield code="d">ArU</subfield>
            <subfield code="d">OCoLC</subfield>
            <subfield code="d">DLC</subfield>
          </datafield>
          <datafield tag="042" ind1=" " ind2=" ">
            <subfield code="a">premarc</subfield>
          </datafield>
          <datafield tag="050" ind1="0" ind2="0">
            <subfield code="a">CS434</subfield>
            <subfield code="b">.B7 vol. 10-11 etc.</subfield>
          </datafield>
          <datafield tag="110" ind1="2" ind2=" ">
            <subfield code="a">Church of England.</subfield>
            <subfield code="b">Province of Canterbury.</subfield>
            <subfield code="b">Prerogative Court.</subfield>
          </datafield>
          <datafield tag="245" ind1="0" ind2="0">
            <subfield code="a">Index of wills proved in the Prerogative court of Canterbury ...</subfield>
            <subfield code="b">And now preserved in the principal Probate registry, Somerset house, London.</subfield>
          </datafield>
          <datafield tag="260" ind1=" " ind2=" ">
            <subfield code="a">London,</subfield>
            <subfield code="b">The British record society, limited,</subfield>
            <subfield code="c">1893-19</subfield>
          </datafield>
          <datafield tag="300" ind1=" " ind2=" ">
            <subfield code="a">v.</subfield>
            <subfield code="b">double pl.</subfield>
            <subfield code="c">25 cm.</subfield>
          </datafield>
          <datafield tag="490" ind1="0" ind2=" ">
            <subfield code="a">The Index library ... [Issued by the British record society, ltd. 10-11, 18, 25, 43-44, 54]</subfield>
          </datafield>
          <datafield tag="500" ind1=" " ind2=" ">
            <subfield code="a">Vols. 1-2 paged continously.</subfield>
          </datafield>
          <datafield tag="500" ind1=" " ind2=" ">
            <subfield code="a">Vols. 1-2, compiled by J. Challenor C. Smith; v. 3, compiled by S. A. Smith and edited by Leland L. Duncan; v. 4, compiled by S. A. Smith, and edited by E. A. Fry; v. 5, compiled by E. Stokes; v. 6, edited by R. H. Ernest Hill; v. 7, edited by T. M. Blagg and J. S. Moir.</subfield>
          </datafield>
          <datafield tag="500" ind1=" " ind2=" ">
            <subfield code="a">The years 1630-1653 being covered by the Year books of probate, edited by John and Geo. F. Matthews, 1902-26, are omitted in this set. cf. Introd to v. 7.</subfield>
          </datafield>
          <datafield tag="500" ind1=" " ind2=" ">
            <subfield code="a">Index locorum, v. 2-</subfield>
          </datafield>
          <datafield tag="505" ind1="1" ind2=" ">
            <subfield code="a">v. 1-2. 1383-1558.--v. 3. 1558-1583.--v. 4. 1584-1604.--v. 5. 1605-19.--v. 6. 1620-9.--v. 7. 1653-1656--v. 8. 1657-1660.</subfield>
          </datafield>
          <datafield tag="650" ind1=" " ind2="0">
            <subfield code="a">Wills</subfield>
            <subfield code="z">Great Britain.</subfield>
          </datafield>
          <datafield tag="700" ind1="1" ind2=" ">
            <subfield code="a">Smith, J. Challenor C.</subfield>
            <subfield code="q">(John Challenor Covington),</subfield>
            <subfield code="e">comp.</subfield>
          </datafield>
          <datafield tag="700" ind1="1" ind2=" ">
            <subfield code="a">Smith, S. A.,</subfield>
            <subfield code="e">comp.</subfield>
          </datafield>
          <datafield tag="700" ind1="1" ind2=" ">
            <subfield code="a">Duncan, Leland L.</subfield>
            <subfield code="q">(Leland Lewis),</subfield>
            <subfield code="d">1862-1923,</subfield>
            <subfield code="e">ed.</subfield>
          </datafield>
          <datafield tag="700" ind1="1" ind2=" ">
            <subfield code="a">Fry, Edw. Alex.</subfield>
            <subfield code="q">(Edward Alexander),</subfield>
            <subfield code="d">1854-1934,</subfield>
            <subfield code="e">ed.</subfield>
          </datafield>
          <datafield tag="700" ind1="1" ind2=" ">
            <subfield code="a">Stokes, Ethel,</subfield>
            <subfield code="e">comp.</subfield>
          </datafield>
          <datafield tag="700" ind1="1" ind2=" ">
            <subfield code="a">Hill, Richard Henry Ernest,</subfield>
            <subfield code="e">ed.</subfield>
          </datafield>
          <datafield tag="985" ind1=" " ind2=" ">
            <subfield code="e">OCLC REPLACEMENT cdsdistr</subfield>
          </datafield>
          <datafield tag="991" ind1=" " ind2=" ">
            <subfield code="b">c-GenColl</subfield>
            <subfield code="h">CS434</subfield>
            <subfield code="i">.B7 vol. 10-11 etc.</subfield>
            <subfield code="t">Copy 1</subfield>
            <subfield code="w">OCLCREP</subfield>
          </datafield>
        </record>
      </zs:recordData>
      <zs:recordPosition>1</zs:recordPosition>
    </zs:record>